%YAML 1.1
%TAG !u! tag:unity3d.com,2011:
--- !u!29 &1
SceneSettings:
  m_ObjectHideFlags: 0
  m_PVSData: 
  m_PVSObjectsArray: []
  m_PVSPortalsArray: []
  m_OcclusionBakeSettings:
    smallestOccluder: 5
    smallestHole: .25
    backfaceThreshold: 100
--- !u!104 &2
RenderSettings:
  m_ObjectHideFlags: 0
  serializedVersion: 6
  m_Fog: 0
  m_FogColor: {r: .5, g: .5, b: .5, a: 1}
  m_FogMode: 3
  m_FogDensity: .00999999978
  m_LinearFogStart: 0
  m_LinearFogEnd: 300
  m_AmbientSkyColor: {r: .211999997, g: .226999998, b: .259000003, a: 1}
  m_AmbientEquatorColor: {r: .114, g: .125, b: .133000001, a: 1}
  m_AmbientGroundColor: {r: .0469999984, g: .0430000015, b: .0350000001, a: 1}
  m_AmbientIntensity: 1
  m_AmbientMode: 0
  m_SkyboxMaterial: {fileID: 10304, guid: 0000000000000000f000000000000000, type: 0}
  m_HaloStrength: .5
  m_FlareStrength: 1
  m_FlareFadeSpeed: 3
  m_HaloTexture: {fileID: 0}
  m_SpotCookie: {fileID: 10001, guid: 0000000000000000e000000000000000, type: 0}
  m_DefaultReflectionMode: 0
  m_DefaultReflectionResolution: 128
  m_ReflectionBounces: 1
  m_ReflectionIntensity: 1
  m_CustomReflection: {fileID: 0}
  m_Sun: {fileID: 0}
--- !u!127 &3
LevelGameManager:
  m_ObjectHideFlags: 0
--- !u!157 &4
LightmapSettings:
  m_ObjectHideFlags: 0
  serializedVersion: 5
  m_GIWorkflowMode: 0
  m_LightmapsMode: 1
  m_GISettings:
    serializedVersion: 2
    m_BounceScale: 1
    m_IndirectOutputScale: 1
    m_AlbedoBoost: 1
    m_TemporalCoherenceThreshold: 1
    m_EnvironmentLightingMode: 0
    m_EnableBakedLightmaps: 1
    m_EnableRealtimeLightmaps: 1
  m_LightmapEditorSettings:
    serializedVersion: 3
    m_Resolution: 2
    m_BakeResolution: 40
    m_TextureWidth: 1024
    m_TextureHeight: 1024
    m_AOMaxDistance: 1
    m_Padding: 2
    m_CompAOExponent: 0
    m_LightmapParameters: {fileID: 0}
    m_TextureCompression: 1
    m_FinalGather: 0
    m_FinalGatherRayCount: 1024
  m_LightmapSnapshot: {fileID: 0}
  m_RuntimeCPUUsage: 25
--- !u!196 &5
NavMeshSettings:
  serializedVersion: 2
  m_ObjectHideFlags: 0
  m_BuildSettings:
    serializedVersion: 2
    agentRadius: .5
    agentHeight: 2
    agentSlope: 45
    agentClimb: .400000006
    ledgeDropHeight: 0
    maxJumpAcrossDistance: 0
    accuratePlacement: 0
    minRegionArea: 2
    cellSize: .166666672
    manualCellSize: 0
  m_NavMeshData: {fileID: 0}
--- !u!1001 &30728094
Prefab:
  m_ObjectHideFlags: 0
  serializedVersion: 2
  m_Modification:
    m_TransformParent: {fileID: 0}
    m_Modifications:
    - target: {fileID: 492822, guid: 1bffe1292d960104ca8509e6435fea44, type: 2}
      propertyPath: m_LocalPosition.x
      value: -1
      objectReference: {fileID: 0}
    - target: {fileID: 492822, guid: 1bffe1292d960104ca8509e6435fea44, type: 2}
      propertyPath: m_LocalPosition.y
      value: -129
      objectReference: {fileID: 0}
    - target: {fileID: 492822, guid: 1bffe1292d960104ca8509e6435fea44, type: 2}
      propertyPath: m_LocalPosition.z
      value: 558.200012
      objectReference: {fileID: 0}
    - target: {fileID: 492822, guid: 1bffe1292d960104ca8509e6435fea44, type: 2}
      propertyPath: m_LocalRotation.x
      value: 0
      objectReference: {fileID: 0}
    - target: {fileID: 492822, guid: 1bffe1292d960104ca8509e6435fea44, type: 2}
      propertyPath: m_LocalRotation.y
      value: 0
      objectReference: {fileID: 0}
    - target: {fileID: 492822, guid: 1bffe1292d960104ca8509e6435fea44, type: 2}
      propertyPath: m_LocalRotation.z
      value: 0
      objectReference: {fileID: 0}
    - target: {fileID: 492822, guid: 1bffe1292d960104ca8509e6435fea44, type: 2}
      propertyPath: m_LocalRotation.w
      value: 1
      objectReference: {fileID: 0}
    - target: {fileID: 492822, guid: 1bffe1292d960104ca8509e6435fea44, type: 2}
      propertyPath: m_RootOrder
      value: 0
      objectReference: {fileID: 0}
    - target: {fileID: 492822, guid: 1bffe1292d960104ca8509e6435fea44, type: 2}
      propertyPath: m_LocalScale.x
      value: 5
      objectReference: {fileID: 0}
    - target: {fileID: 492822, guid: 1bffe1292d960104ca8509e6435fea44, type: 2}
      propertyPath: m_LocalScale.y
      value: 5
      objectReference: {fileID: 0}
    - target: {fileID: 492822, guid: 1bffe1292d960104ca8509e6435fea44, type: 2}
      propertyPath: m_LocalScale.z
      value: 5
      objectReference: {fileID: 0}
    - target: {fileID: 175084, guid: 1bffe1292d960104ca8509e6435fea44, type: 2}
      propertyPath: m_Name
      value: DirectionalForceCube 4
      objectReference: {fileID: 0}
    m_RemovedComponents: []
  m_ParentPrefab: {fileID: 100100000, guid: 1bffe1292d960104ca8509e6435fea44, type: 2}
  m_IsPrefabParent: 0
--- !u!1001 &156465145
Prefab:
  m_ObjectHideFlags: 0
  serializedVersion: 2
  m_Modification:
    m_TransformParent: {fileID: 0}
    m_Modifications:
    - target: {fileID: 492822, guid: 1bffe1292d960104ca8509e6435fea44, type: 2}
      propertyPath: m_LocalPosition.x
      value: -61.9000015
      objectReference: {fileID: 0}
    - target: {fileID: 492822, guid: 1bffe1292d960104ca8509e6435fea44, type: 2}
      propertyPath: m_LocalPosition.y
      value: -161.5
      objectReference: {fileID: 0}
    - target: {fileID: 492822, guid: 1bffe1292d960104ca8509e6435fea44, type: 2}
      propertyPath: m_LocalPosition.z
      value: 519.5
      objectReference: {fileID: 0}
    - target: {fileID: 492822, guid: 1bffe1292d960104ca8509e6435fea44, type: 2}
      propertyPath: m_LocalRotation.x
      value: 0
      objectReference: {fileID: 0}
    - target: {fileID: 492822, guid: 1bffe1292d960104ca8509e6435fea44, type: 2}
      propertyPath: m_LocalRotation.y
      value: 0
      objectReference: {fileID: 0}
    - target: {fileID: 492822, guid: 1bffe1292d960104ca8509e6435fea44, type: 2}
      propertyPath: m_LocalRotation.z
      value: 0
      objectReference: {fileID: 0}
    - target: {fileID: 492822, guid: 1bffe1292d960104ca8509e6435fea44, type: 2}
      propertyPath: m_LocalRotation.w
      value: 1
      objectReference: {fileID: 0}
    - target: {fileID: 492822, guid: 1bffe1292d960104ca8509e6435fea44, type: 2}
      propertyPath: m_RootOrder
      value: 0
      objectReference: {fileID: 0}
    - target: {fileID: 492822, guid: 1bffe1292d960104ca8509e6435fea44, type: 2}
      propertyPath: m_LocalScale.x
      value: 5
      objectReference: {fileID: 0}
    - target: {fileID: 492822, guid: 1bffe1292d960104ca8509e6435fea44, type: 2}
      propertyPath: m_LocalScale.y
      value: 5
      objectReference: {fileID: 0}
    - target: {fileID: 492822, guid: 1bffe1292d960104ca8509e6435fea44, type: 2}
      propertyPath: m_LocalScale.z
      value: 5
      objectReference: {fileID: 0}
    - target: {fileID: 175084, guid: 1bffe1292d960104ca8509e6435fea44, type: 2}
      propertyPath: m_Name
      value: DirectionalForceCube 2
      objectReference: {fileID: 0}
    m_RemovedComponents: []
  m_ParentPrefab: {fileID: 100100000, guid: 1bffe1292d960104ca8509e6435fea44, type: 2}
  m_IsPrefabParent: 0
--- !u!1 &158465770
GameObject:
  m_ObjectHideFlags: 0
  m_PrefabParentObject: {fileID: 0}
  m_PrefabInternal: {fileID: 0}
  serializedVersion: 4
  m_Component:
  - 224: {fileID: 158465771}
  - 222: {fileID: 158465773}
  - 114: {fileID: 158465772}
  m_Layer: 5
  m_Name: Text
  m_TagString: Untagged
  m_Icon: {fileID: 0}
  m_NavMeshLayer: 0
  m_StaticEditorFlags: 0
  m_IsActive: 1
--- !u!224 &158465771
RectTransform:
  m_ObjectHideFlags: 0
  m_PrefabParentObject: {fileID: 0}
  m_PrefabInternal: {fileID: 0}
  m_GameObject: {fileID: 158465770}
  m_LocalRotation: {x: 0, y: 0, z: 0, w: 1}
  m_LocalPosition: {x: 0, y: 0, z: 0}
  m_LocalScale: {x: 1, y: 1, z: 1}
  m_Children: []
  m_Father: {fileID: 1111051423}
  m_RootOrder: 0
  m_AnchorMin: {x: 0, y: 0}
  m_AnchorMax: {x: 1, y: 1}
  m_AnchoredPosition: {x: 0, y: 0}
  m_SizeDelta: {x: 0, y: 0}
  m_Pivot: {x: .5, y: .5}
--- !u!114 &158465772
MonoBehaviour:
  m_ObjectHideFlags: 0
  m_PrefabParentObject: {fileID: 0}
  m_PrefabInternal: {fileID: 0}
  m_GameObject: {fileID: 158465770}
  m_Enabled: 1
  m_EditorHideFlags: 0
  m_Script: {fileID: 708705254, guid: f5f67c52d1564df4a8936ccd202a3bd8, type: 3}
  m_Name: 
  m_EditorClassIdentifier: 
  m_Material: {fileID: 0}
  m_Color: {r: .196078435, g: .196078435, b: .196078435, a: 1}
  m_FontData:
    m_Font: {fileID: 10102, guid: 0000000000000000e000000000000000, type: 0}
    m_FontSize: 14
    m_FontStyle: 0
    m_BestFit: 0
    m_MinSize: 10
    m_MaxSize: 40
    m_Alignment: 4
    m_RichText: 1
    m_HorizontalOverflow: 0
    m_VerticalOverflow: 0
    m_LineSpacing: 1
  m_Text: Credits
--- !u!222 &158465773
CanvasRenderer:
  m_ObjectHideFlags: 0
  m_PrefabParentObject: {fileID: 0}
  m_PrefabInternal: {fileID: 0}
  m_GameObject: {fileID: 158465770}
--- !u!1 &180079927
GameObject:
  m_ObjectHideFlags: 0
  m_PrefabParentObject: {fileID: 0}
  m_PrefabInternal: {fileID: 0}
  serializedVersion: 4
  m_Component:
  - 224: {fileID: 180079928}
  - 222: {fileID: 180079930}
  - 114: {fileID: 180079929}
  m_Layer: 5
  m_Name: Text
  m_TagString: Untagged
  m_Icon: {fileID: 0}
  m_NavMeshLayer: 0
  m_StaticEditorFlags: 0
  m_IsActive: 1
--- !u!224 &180079928
RectTransform:
  m_ObjectHideFlags: 0
  m_PrefabParentObject: {fileID: 0}
  m_PrefabInternal: {fileID: 0}
  m_GameObject: {fileID: 180079927}
  m_LocalRotation: {x: 0, y: 0, z: 0, w: 1}
  m_LocalPosition: {x: 0, y: 0, z: 0}
  m_LocalScale: {x: 1, y: 1, z: 1}
  m_Children: []
  m_Father: {fileID: 946405383}
  m_RootOrder: 0
  m_AnchorMin: {x: 0, y: 0}
  m_AnchorMax: {x: 1, y: 1}
  m_AnchoredPosition: {x: 0, y: 0}
  m_SizeDelta: {x: 0, y: 0}
  m_Pivot: {x: .5, y: .5}
--- !u!114 &180079929
MonoBehaviour:
  m_ObjectHideFlags: 0
  m_PrefabParentObject: {fileID: 0}
  m_PrefabInternal: {fileID: 0}
  m_GameObject: {fileID: 180079927}
  m_Enabled: 1
  m_EditorHideFlags: 0
  m_Script: {fileID: 708705254, guid: f5f67c52d1564df4a8936ccd202a3bd8, type: 3}
  m_Name: 
  m_EditorClassIdentifier: 
  m_Material: {fileID: 0}
  m_Color: {r: .196078435, g: .196078435, b: .196078435, a: 1}
  m_FontData:
    m_Font: {fileID: 10102, guid: 0000000000000000e000000000000000, type: 0}
    m_FontSize: 14
    m_FontStyle: 0
    m_BestFit: 0
    m_MinSize: 10
    m_MaxSize: 40
    m_Alignment: 4
    m_RichText: 1
    m_HorizontalOverflow: 0
    m_VerticalOverflow: 0
    m_LineSpacing: 1
  m_Text: Start Game
--- !u!222 &180079930
CanvasRenderer:
  m_ObjectHideFlags: 0
  m_PrefabParentObject: {fileID: 0}
  m_PrefabInternal: {fileID: 0}
  m_GameObject: {fileID: 180079927}
--- !u!1 &180176332 stripped
GameObject:
  m_PrefabParentObject: {fileID: 175084, guid: 1bffe1292d960104ca8509e6435fea44, type: 2}
  m_PrefabInternal: {fileID: 30728094}
--- !u!114 &180176333
MonoBehaviour:
  m_ObjectHideFlags: 0
  m_PrefabParentObject: {fileID: 0}
  m_PrefabInternal: {fileID: 0}
  m_GameObject: {fileID: 180176332}
  m_Enabled: 1
  m_EditorHideFlags: 0
  m_Script: {fileID: 11500000, guid: ca405599ea7be384bae0c7ebbc5ede39, type: 3}
  m_Name: 
  m_EditorClassIdentifier: 
  startPosition: {x: 6, y: -165.199997, z: 500}
  returningForce: 10
--- !u!1001 &180303745
Prefab:
  m_ObjectHideFlags: 0
  serializedVersion: 2
  m_Modification:
    m_TransformParent: {fileID: 0}
    m_Modifications:
    - target: {fileID: 492822, guid: 1bffe1292d960104ca8509e6435fea44, type: 2}
      propertyPath: m_LocalPosition.x
      value: 31.3999996
      objectReference: {fileID: 0}
    - target: {fileID: 492822, guid: 1bffe1292d960104ca8509e6435fea44, type: 2}
      propertyPath: m_LocalPosition.y
      value: -176.100006
      objectReference: {fileID: 0}
    - target: {fileID: 492822, guid: 1bffe1292d960104ca8509e6435fea44, type: 2}
      propertyPath: m_LocalPosition.z
      value: 561.099976
      objectReference: {fileID: 0}
    - target: {fileID: 492822, guid: 1bffe1292d960104ca8509e6435fea44, type: 2}
      propertyPath: m_LocalRotation.x
      value: 0
      objectReference: {fileID: 0}
    - target: {fileID: 492822, guid: 1bffe1292d960104ca8509e6435fea44, type: 2}
      propertyPath: m_LocalRotation.y
      value: 0
      objectReference: {fileID: 0}
    - target: {fileID: 492822, guid: 1bffe1292d960104ca8509e6435fea44, type: 2}
      propertyPath: m_LocalRotation.z
      value: 0
      objectReference: {fileID: 0}
    - target: {fileID: 492822, guid: 1bffe1292d960104ca8509e6435fea44, type: 2}
      propertyPath: m_LocalRotation.w
      value: 1
      objectReference: {fileID: 0}
    - target: {fileID: 492822, guid: 1bffe1292d960104ca8509e6435fea44, type: 2}
      propertyPath: m_RootOrder
      value: 2
      objectReference: {fileID: 0}
    - target: {fileID: 492822, guid: 1bffe1292d960104ca8509e6435fea44, type: 2}
      propertyPath: m_LocalScale.x
      value: 5
      objectReference: {fileID: 0}
    - target: {fileID: 492822, guid: 1bffe1292d960104ca8509e6435fea44, type: 2}
      propertyPath: m_LocalScale.y
      value: 5
      objectReference: {fileID: 0}
    - target: {fileID: 492822, guid: 1bffe1292d960104ca8509e6435fea44, type: 2}
      propertyPath: m_LocalScale.z
      value: 5
      objectReference: {fileID: 0}
    m_RemovedComponents: []
  m_ParentPrefab: {fileID: 100100000, guid: 1bffe1292d960104ca8509e6435fea44, type: 2}
  m_IsPrefabParent: 0
--- !u!1001 &329944290
Prefab:
  m_ObjectHideFlags: 0
  serializedVersion: 2
  m_Modification:
    m_TransformParent: {fileID: 0}
    m_Modifications:
    - target: {fileID: 492822, guid: 1bffe1292d960104ca8509e6435fea44, type: 2}
      propertyPath: m_LocalPosition.x
      value: -72.1999969
      objectReference: {fileID: 0}
    - target: {fileID: 492822, guid: 1bffe1292d960104ca8509e6435fea44, type: 2}
      propertyPath: m_LocalPosition.y
      value: -162.100006
      objectReference: {fileID: 0}
    - target: {fileID: 492822, guid: 1bffe1292d960104ca8509e6435fea44, type: 2}
      propertyPath: m_LocalPosition.z
      value: 519.5
      objectReference: {fileID: 0}
    - target: {fileID: 492822, guid: 1bffe1292d960104ca8509e6435fea44, type: 2}
      propertyPath: m_LocalRotation.x
      value: 0
      objectReference: {fileID: 0}
    - target: {fileID: 492822, guid: 1bffe1292d960104ca8509e6435fea44, type: 2}
      propertyPath: m_LocalRotation.y
      value: 0
      objectReference: {fileID: 0}
    - target: {fileID: 492822, guid: 1bffe1292d960104ca8509e6435fea44, type: 2}
      propertyPath: m_LocalRotation.z
      value: 0
      objectReference: {fileID: 0}
    - target: {fileID: 492822, guid: 1bffe1292d960104ca8509e6435fea44, type: 2}
      propertyPath: m_LocalRotation.w
      value: 1
      objectReference: {fileID: 0}
    - target: {fileID: 492822, guid: 1bffe1292d960104ca8509e6435fea44, type: 2}
      propertyPath: m_RootOrder
      value: 5
      objectReference: {fileID: 0}
    - target: {fileID: 492822, guid: 1bffe1292d960104ca8509e6435fea44, type: 2}
      propertyPath: m_LocalScale.x
      value: 5
      objectReference: {fileID: 0}
    - target: {fileID: 492822, guid: 1bffe1292d960104ca8509e6435fea44, type: 2}
      propertyPath: m_LocalScale.y
      value: 5
      objectReference: {fileID: 0}
    - target: {fileID: 492822, guid: 1bffe1292d960104ca8509e6435fea44, type: 2}
      propertyPath: m_LocalScale.z
      value: 5
      objectReference: {fileID: 0}
    - target: {fileID: 175084, guid: 1bffe1292d960104ca8509e6435fea44, type: 2}
      propertyPath: m_Name
      value: DirectionalForceCube 3
      objectReference: {fileID: 0}
    m_RemovedComponents: []
  m_ParentPrefab: {fileID: 100100000, guid: 1bffe1292d960104ca8509e6435fea44, type: 2}
  m_IsPrefabParent: 0
--- !u!1001 &467149927
Prefab:
  m_ObjectHideFlags: 0
  serializedVersion: 2
  m_Modification:
    m_TransformParent: {fileID: 0}
    m_Modifications:
    - target: {fileID: 492822, guid: 1bffe1292d960104ca8509e6435fea44, type: 2}
      propertyPath: m_LocalPosition.x
      value: 49.2000008
      objectReference: {fileID: 0}
    - target: {fileID: 492822, guid: 1bffe1292d960104ca8509e6435fea44, type: 2}
      propertyPath: m_LocalPosition.y
      value: -129
      objectReference: {fileID: 0}
    - target: {fileID: 492822, guid: 1bffe1292d960104ca8509e6435fea44, type: 2}
      propertyPath: m_LocalPosition.z
      value: 501.899994
      objectReference: {fileID: 0}
    - target: {fileID: 492822, guid: 1bffe1292d960104ca8509e6435fea44, type: 2}
      propertyPath: m_LocalRotation.x
      value: 0
      objectReference: {fileID: 0}
    - target: {fileID: 492822, guid: 1bffe1292d960104ca8509e6435fea44, type: 2}
      propertyPath: m_LocalRotation.y
      value: 0
      objectReference: {fileID: 0}
    - target: {fileID: 492822, guid: 1bffe1292d960104ca8509e6435fea44, type: 2}
      propertyPath: m_LocalRotation.z
      value: 0
      objectReference: {fileID: 0}
    - target: {fileID: 492822, guid: 1bffe1292d960104ca8509e6435fea44, type: 2}
      propertyPath: m_LocalRotation.w
      value: 1
      objectReference: {fileID: 0}
    - target: {fileID: 492822, guid: 1bffe1292d960104ca8509e6435fea44, type: 2}
      propertyPath: m_RootOrder
      value: 0
      objectReference: {fileID: 0}
    - target: {fileID: 492822, guid: 1bffe1292d960104ca8509e6435fea44, type: 2}
      propertyPath: m_LocalScale.x
      value: 5
      objectReference: {fileID: 0}
    - target: {fileID: 492822, guid: 1bffe1292d960104ca8509e6435fea44, type: 2}
      propertyPath: m_LocalScale.y
      value: 5
      objectReference: {fileID: 0}
    - target: {fileID: 492822, guid: 1bffe1292d960104ca8509e6435fea44, type: 2}
      propertyPath: m_LocalScale.z
      value: 5
      objectReference: {fileID: 0}
    - target: {fileID: 175084, guid: 1bffe1292d960104ca8509e6435fea44, type: 2}
      propertyPath: m_Name
      value: DirectionalForceCube 6
      objectReference: {fileID: 0}
    m_RemovedComponents: []
  m_ParentPrefab: {fileID: 100100000, guid: 1bffe1292d960104ca8509e6435fea44, type: 2}
  m_IsPrefabParent: 0
--- !u!1 &518976822
GameObject:
  m_ObjectHideFlags: 0
  m_PrefabParentObject: {fileID: 0}
  m_PrefabInternal: {fileID: 0}
  serializedVersion: 4
  m_Component:
  - 4: {fileID: 518976827}
  - 20: {fileID: 518976826}
  - 92: {fileID: 518976825}
  - 124: {fileID: 518976824}
  - 81: {fileID: 518976823}
  m_Layer: 0
  m_Name: Main Camera
  m_TagString: MainCamera
  m_Icon: {fileID: 0}
  m_NavMeshLayer: 0
  m_StaticEditorFlags: 0
  m_IsActive: 1
--- !u!81 &518976823
AudioListener:
  m_ObjectHideFlags: 0
  m_PrefabParentObject: {fileID: 0}
  m_PrefabInternal: {fileID: 0}
  m_GameObject: {fileID: 518976822}
  m_Enabled: 1
--- !u!124 &518976824
Behaviour:
  m_ObjectHideFlags: 0
  m_PrefabParentObject: {fileID: 0}
  m_PrefabInternal: {fileID: 0}
  m_GameObject: {fileID: 518976822}
  m_Enabled: 1
--- !u!92 &518976825
Behaviour:
  m_ObjectHideFlags: 0
  m_PrefabParentObject: {fileID: 0}
  m_PrefabInternal: {fileID: 0}
  m_GameObject: {fileID: 518976822}
  m_Enabled: 1
--- !u!20 &518976826
Camera:
  m_ObjectHideFlags: 0
  m_PrefabParentObject: {fileID: 0}
  m_PrefabInternal: {fileID: 0}
  m_GameObject: {fileID: 518976822}
  m_Enabled: 1
  serializedVersion: 2
  m_ClearFlags: 1
  m_BackGroundColor: {r: .192156866, g: .301960796, b: .474509805, a: .0196078438}
  m_NormalizedViewPortRect:
    serializedVersion: 2
    x: 0
    y: 0
    width: 1
    height: 1
  near clip plane: .300000012
  far clip plane: 1000
  field of view: 60
  orthographic: 0
  orthographic size: 5
  m_Depth: -1
  m_CullingMask:
    serializedVersion: 2
    m_Bits: 4294967295
  m_RenderingPath: -1
  m_TargetTexture: {fileID: 0}
  m_TargetDisplay: 0
  m_HDR: 0
  m_OcclusionCulling: 1
  m_StereoConvergence: 10
  m_StereoSeparation: .0219999999
--- !u!4 &518976827
Transform:
  m_ObjectHideFlags: 0
  m_PrefabParentObject: {fileID: 0}
  m_PrefabInternal: {fileID: 0}
  m_GameObject: {fileID: 518976822}
  m_LocalRotation: {x: 0, y: 1, z: 0, w: -1.62920685e-07}
  m_LocalPosition: {x: 0, y: -175, z: 636}
  m_LocalScale: {x: 1, y: 1, z: 1}
  m_Children: []
  m_Father: {fileID: 0}
  m_RootOrder: 13
--- !u!1 &534763442 stripped
GameObject:
  m_PrefabParentObject: {fileID: 175084, guid: 1bffe1292d960104ca8509e6435fea44, type: 2}
  m_PrefabInternal: {fileID: 2093585013}
--- !u!114 &534763444
MonoBehaviour:
  m_ObjectHideFlags: 0
  m_PrefabParentObject: {fileID: 0}
  m_PrefabInternal: {fileID: 0}
  m_GameObject: {fileID: 534763442}
  m_Enabled: 1
  m_EditorHideFlags: 0
  m_Script: {fileID: 11500000, guid: ca405599ea7be384bae0c7ebbc5ede39, type: 3}
  m_Name: 
  m_EditorClassIdentifier: 
  startPosition: {x: -5.30000019, y: -165.199997, z: 500}
  returningForce: 10
--- !u!1 &536432319
GameObject:
  m_ObjectHideFlags: 0
  m_PrefabParentObject: {fileID: 0}
  m_PrefabInternal: {fileID: 0}
  serializedVersion: 4
  m_Component:
  - 224: {fileID: 536432321}
  - 114: {fileID: 536432320}
  m_Layer: 5
  m_Name: LevelLoader
  m_TagString: Untagged
  m_Icon: {fileID: 0}
  m_NavMeshLayer: 0
  m_StaticEditorFlags: 0
  m_IsActive: 1
--- !u!114 &536432320
MonoBehaviour:
  m_ObjectHideFlags: 0
  m_PrefabParentObject: {fileID: 0}
  m_PrefabInternal: {fileID: 0}
  m_GameObject: {fileID: 536432319}
  m_Enabled: 1
  m_EditorHideFlags: 0
  m_Script: {fileID: 11500000, guid: a4e08316f8547b94cb0788b481edc5db, type: 3}
  m_Name: 
  m_EditorClassIdentifier: 
--- !u!224 &536432321
RectTransform:
  m_ObjectHideFlags: 0
  m_PrefabParentObject: {fileID: 0}
  m_PrefabInternal: {fileID: 0}
  m_GameObject: {fileID: 536432319}
  m_LocalRotation: {x: 0, y: 0, z: 0, w: 1}
  m_LocalPosition: {x: 0, y: 0, z: 0}
  m_LocalScale: {x: 1, y: 1, z: 1}
  m_Children: []
  m_Father: {fileID: 0}
  m_RootOrder: 12
  m_AnchorMin: {x: .5, y: .5}
  m_AnchorMax: {x: .5, y: .5}
  m_AnchoredPosition: {x: 381.5, y: 215.000015}
  m_SizeDelta: {x: 100, y: 100}
  m_Pivot: {x: .5, y: .5}
--- !u!1 &591462104 stripped
GameObject:
  m_PrefabParentObject: {fileID: 175084, guid: 1bffe1292d960104ca8509e6435fea44, type: 2}
  m_PrefabInternal: {fileID: 467149927}
--- !u!114 &591462105
MonoBehaviour:
  m_ObjectHideFlags: 0
  m_PrefabParentObject: {fileID: 0}
  m_PrefabInternal: {fileID: 0}
  m_GameObject: {fileID: 591462104}
  m_Enabled: 1
  m_EditorHideFlags: 0
  m_Script: {fileID: 11500000, guid: ca405599ea7be384bae0c7ebbc5ede39, type: 3}
  m_Name: 
  m_EditorClassIdentifier: 
  startPosition: {x: -5.30000019, y: 120, z: 800}
  returningForce: 10
--- !u!1001 &693438190
Prefab:
  m_ObjectHideFlags: 0
  serializedVersion: 2
  m_Modification:
    m_TransformParent: {fileID: 0}
    m_Modifications:
    - target: {fileID: 492822, guid: 1bffe1292d960104ca8509e6435fea44, type: 2}
      propertyPath: m_LocalPosition.x
      value: 76.8000031
      objectReference: {fileID: 0}
    - target: {fileID: 492822, guid: 1bffe1292d960104ca8509e6435fea44, type: 2}
      propertyPath: m_LocalPosition.y
      value: -161.5
      objectReference: {fileID: 0}
    - target: {fileID: 492822, guid: 1bffe1292d960104ca8509e6435fea44, type: 2}
      propertyPath: m_LocalPosition.z
      value: 519.5
      objectReference: {fileID: 0}
    - target: {fileID: 492822, guid: 1bffe1292d960104ca8509e6435fea44, type: 2}
      propertyPath: m_LocalRotation.x
      value: 0
      objectReference: {fileID: 0}
    - target: {fileID: 492822, guid: 1bffe1292d960104ca8509e6435fea44, type: 2}
      propertyPath: m_LocalRotation.y
      value: 0
      objectReference: {fileID: 0}
    - target: {fileID: 492822, guid: 1bffe1292d960104ca8509e6435fea44, type: 2}
      propertyPath: m_LocalRotation.z
      value: 0
      objectReference: {fileID: 0}
    - target: {fileID: 492822, guid: 1bffe1292d960104ca8509e6435fea44, type: 2}
      propertyPath: m_LocalRotation.w
      value: 1
      objectReference: {fileID: 0}
    - target: {fileID: 492822, guid: 1bffe1292d960104ca8509e6435fea44, type: 2}
      propertyPath: m_RootOrder
      value: 0
      objectReference: {fileID: 0}
    - target: {fileID: 492822, guid: 1bffe1292d960104ca8509e6435fea44, type: 2}
      propertyPath: m_LocalScale.x
      value: 5
      objectReference: {fileID: 0}
    - target: {fileID: 492822, guid: 1bffe1292d960104ca8509e6435fea44, type: 2}
      propertyPath: m_LocalScale.y
      value: 5
      objectReference: {fileID: 0}
    - target: {fileID: 492822, guid: 1bffe1292d960104ca8509e6435fea44, type: 2}
      propertyPath: m_LocalScale.z
      value: 5
      objectReference: {fileID: 0}
    - target: {fileID: 175084, guid: 1bffe1292d960104ca8509e6435fea44, type: 2}
      propertyPath: m_Name
      value: DirectionalForceCube 7
      objectReference: {fileID: 0}
    m_RemovedComponents: []
  m_ParentPrefab: {fileID: 100100000, guid: 1bffe1292d960104ca8509e6435fea44, type: 2}
  m_IsPrefabParent: 0
--- !u!1001 &726776398
Prefab:
  m_ObjectHideFlags: 0
  serializedVersion: 2
  m_Modification:
    m_TransformParent: {fileID: 0}
    m_Modifications:
    - target: {fileID: 492822, guid: 1bffe1292d960104ca8509e6435fea44, type: 2}
      propertyPath: m_LocalPosition.x
      value: -80
      objectReference: {fileID: 0}
    - target: {fileID: 492822, guid: 1bffe1292d960104ca8509e6435fea44, type: 2}
      propertyPath: m_LocalPosition.y
      value: -176.100006
      objectReference: {fileID: 0}
    - target: {fileID: 492822, guid: 1bffe1292d960104ca8509e6435fea44, type: 2}
      propertyPath: m_LocalPosition.z
      value: 542.599976
      objectReference: {fileID: 0}
    - target: {fileID: 492822, guid: 1bffe1292d960104ca8509e6435fea44, type: 2}
      propertyPath: m_LocalRotation.x
      value: 0
      objectReference: {fileID: 0}
    - target: {fileID: 492822, guid: 1bffe1292d960104ca8509e6435fea44, type: 2}
      propertyPath: m_LocalRotation.y
      value: 0
      objectReference: {fileID: 0}
    - target: {fileID: 492822, guid: 1bffe1292d960104ca8509e6435fea44, type: 2}
      propertyPath: m_LocalRotation.z
      value: 0
      objectReference: {fileID: 0}
    - target: {fileID: 492822, guid: 1bffe1292d960104ca8509e6435fea44, type: 2}
      propertyPath: m_LocalRotation.w
      value: 1
      objectReference: {fileID: 0}
    - target: {fileID: 492822, guid: 1bffe1292d960104ca8509e6435fea44, type: 2}
      propertyPath: m_RootOrder
      value: 11
      objectReference: {fileID: 0}
    - target: {fileID: 492822, guid: 1bffe1292d960104ca8509e6435fea44, type: 2}
      propertyPath: m_LocalScale.x
      value: 5
      objectReference: {fileID: 0}
    - target: {fileID: 492822, guid: 1bffe1292d960104ca8509e6435fea44, type: 2}
      propertyPath: m_LocalScale.y
      value: 5
      objectReference: {fileID: 0}
    - target: {fileID: 492822, guid: 1bffe1292d960104ca8509e6435fea44, type: 2}
      propertyPath: m_LocalScale.z
      value: 5
      objectReference: {fileID: 0}
    - target: {fileID: 175084, guid: 1bffe1292d960104ca8509e6435fea44, type: 2}
      propertyPath: m_Name
      value: DirectionalForceCube 9
      objectReference: {fileID: 0}
    m_RemovedComponents: []
  m_ParentPrefab: {fileID: 100100000, guid: 1bffe1292d960104ca8509e6435fea44, type: 2}
  m_IsPrefabParent: 0
--- !u!1 &825463309 stripped
GameObject:
  m_PrefabParentObject: {fileID: 175084, guid: 1bffe1292d960104ca8509e6435fea44, type: 2}
  m_PrefabInternal: {fileID: 329944290}
--- !u!114 &825463311
MonoBehaviour:
  m_ObjectHideFlags: 0
  m_PrefabParentObject: {fileID: 0}
  m_PrefabInternal: {fileID: 0}
  m_GameObject: {fileID: 825463309}
  m_Enabled: 1
  m_EditorHideFlags: 0
  m_Script: {fileID: 11500000, guid: ca405599ea7be384bae0c7ebbc5ede39, type: 3}
  m_Name: 
  m_EditorClassIdentifier: 
  startPosition: {x: 70, y: -165, z: 530}
  returningForce: 10
--- !u!1 &872683710
GameObject:
  m_ObjectHideFlags: 0
  m_PrefabParentObject: {fileID: 0}
  m_PrefabInternal: {fileID: 0}
  serializedVersion: 4
  m_Component:
  - 4: {fileID: 872683714}
  - 114: {fileID: 872683713}
  - 114: {fileID: 872683712}
  - 114: {fileID: 872683711}
  m_Layer: 0
  m_Name: EventSystem
  m_TagString: Untagged
  m_Icon: {fileID: 0}
  m_NavMeshLayer: 0
  m_StaticEditorFlags: 0
  m_IsActive: 1
--- !u!114 &872683711
MonoBehaviour:
  m_ObjectHideFlags: 0
  m_PrefabParentObject: {fileID: 0}
  m_PrefabInternal: {fileID: 0}
  m_GameObject: {fileID: 872683710}
  m_Enabled: 1
  m_EditorHideFlags: 0
  m_Script: {fileID: 1997211142, guid: f5f67c52d1564df4a8936ccd202a3bd8, type: 3}
  m_Name: 
  m_EditorClassIdentifier: 
  m_AllowActivationOnStandalone: 0
--- !u!114 &872683712
MonoBehaviour:
  m_ObjectHideFlags: 0
  m_PrefabParentObject: {fileID: 0}
  m_PrefabInternal: {fileID: 0}
  m_GameObject: {fileID: 872683710}
  m_Enabled: 1
  m_EditorHideFlags: 0
  m_Script: {fileID: 1077351063, guid: f5f67c52d1564df4a8936ccd202a3bd8, type: 3}
  m_Name: 
  m_EditorClassIdentifier: 
  m_HorizontalAxis: Horizontal
  m_VerticalAxis: Vertical
  m_SubmitButton: Submit
  m_CancelButton: Cancel
  m_InputActionsPerSecond: 10
  m_AllowActivationOnMobileDevice: 0
--- !u!114 &872683713
MonoBehaviour:
  m_ObjectHideFlags: 0
  m_PrefabParentObject: {fileID: 0}
  m_PrefabInternal: {fileID: 0}
  m_GameObject: {fileID: 872683710}
  m_Enabled: 1
  m_EditorHideFlags: 0
  m_Script: {fileID: -619905303, guid: f5f67c52d1564df4a8936ccd202a3bd8, type: 3}
  m_Name: 
  m_EditorClassIdentifier: 
  m_FirstSelected: {fileID: 0}
  m_sendNavigationEvents: 1
  m_DragThreshold: 5
--- !u!4 &872683714
Transform:
  m_ObjectHideFlags: 0
  m_PrefabParentObject: {fileID: 0}
  m_PrefabInternal: {fileID: 0}
  m_GameObject: {fileID: 872683710}
  m_LocalRotation: {x: 0, y: 0, z: 0, w: 1}
  m_LocalPosition: {x: 0, y: 0, z: 0}
  m_LocalScale: {x: 1, y: 1, z: 1}
  m_Children: []
  m_Father: {fileID: 0}
  m_RootOrder: 16
--- !u!1001 &914766724
Prefab:
  m_ObjectHideFlags: 0
  serializedVersion: 2
  m_Modification:
    m_TransformParent: {fileID: 0}
    m_Modifications:
    - target: {fileID: 433534, guid: c39a4b21ac9408640bfbb734d092c681, type: 2}
      propertyPath: m_LocalPosition.x
      value: -96
      objectReference: {fileID: 0}
    - target: {fileID: 433534, guid: c39a4b21ac9408640bfbb734d092c681, type: 2}
      propertyPath: m_LocalPosition.y
      value: -185
      objectReference: {fileID: 0}
    - target: {fileID: 433534, guid: c39a4b21ac9408640bfbb734d092c681, type: 2}
      propertyPath: m_LocalPosition.z
      value: 424
      objectReference: {fileID: 0}
    - target: {fileID: 433534, guid: c39a4b21ac9408640bfbb734d092c681, type: 2}
      propertyPath: m_LocalRotation.x
      value: 0
      objectReference: {fileID: 0}
    - target: {fileID: 433534, guid: c39a4b21ac9408640bfbb734d092c681, type: 2}
      propertyPath: m_LocalRotation.y
      value: 0
      objectReference: {fileID: 0}
    - target: {fileID: 433534, guid: c39a4b21ac9408640bfbb734d092c681, type: 2}
      propertyPath: m_LocalRotation.z
      value: 0
      objectReference: {fileID: 0}
    - target: {fileID: 433534, guid: c39a4b21ac9408640bfbb734d092c681, type: 2}
      propertyPath: m_LocalRotation.w
      value: 1
      objectReference: {fileID: 0}
    - target: {fileID: 433534, guid: c39a4b21ac9408640bfbb734d092c681, type: 2}
      propertyPath: m_RootOrder
      value: 6
      objectReference: {fileID: 0}
    - target: {fileID: 433534, guid: c39a4b21ac9408640bfbb734d092c681, type: 2}
      propertyPath: m_LocalScale.x
      value: 10
      objectReference: {fileID: 0}
    - target: {fileID: 433534, guid: c39a4b21ac9408640bfbb734d092c681, type: 2}
      propertyPath: m_LocalScale.y
      value: 10
      objectReference: {fileID: 0}
    - target: {fileID: 433534, guid: c39a4b21ac9408640bfbb734d092c681, type: 2}
      propertyPath: m_LocalScale.z
      value: 10
      objectReference: {fileID: 0}
    m_RemovedComponents: []
  m_ParentPrefab: {fileID: 100100000, guid: c39a4b21ac9408640bfbb734d092c681, type: 2}
  m_IsPrefabParent: 0
--- !u!1 &946405379
GameObject:
  m_ObjectHideFlags: 0
  m_PrefabParentObject: {fileID: 0}
  m_PrefabInternal: {fileID: 0}
  serializedVersion: 4
  m_Component:
  - 224: {fileID: 946405383}
  - 222: {fileID: 946405382}
  - 114: {fileID: 946405381}
  - 114: {fileID: 946405380}
  m_Layer: 5
  m_Name: StartGame
  m_TagString: Untagged
  m_Icon: {fileID: 0}
  m_NavMeshLayer: 0
  m_StaticEditorFlags: 0
  m_IsActive: 1
--- !u!114 &946405380
MonoBehaviour:
  m_ObjectHideFlags: 0
  m_PrefabParentObject: {fileID: 0}
  m_PrefabInternal: {fileID: 0}
  m_GameObject: {fileID: 946405379}
  m_Enabled: 1
  m_EditorHideFlags: 0
  m_Script: {fileID: 1392445389, guid: f5f67c52d1564df4a8936ccd202a3bd8, type: 3}
  m_Name: 
  m_EditorClassIdentifier: 
  m_Navigation:
    m_Mode: 3
    m_SelectOnUp: {fileID: 0}
    m_SelectOnDown: {fileID: 0}
    m_SelectOnLeft: {fileID: 0}
    m_SelectOnRight: {fileID: 0}
  m_Transition: 1
  m_Colors:
    m_NormalColor: {r: 1, g: 1, b: 1, a: 1}
    m_HighlightedColor: {r: .960784316, g: .960784316, b: .960784316, a: 1}
    m_PressedColor: {r: .784313738, g: .784313738, b: .784313738, a: 1}
    m_DisabledColor: {r: .784313738, g: .784313738, b: .784313738, a: .501960814}
    m_ColorMultiplier: 1
    m_FadeDuration: .100000001
  m_SpriteState:
    m_HighlightedSprite: {fileID: 0}
    m_PressedSprite: {fileID: 0}
    m_DisabledSprite: {fileID: 0}
  m_AnimationTriggers:
    m_NormalTrigger: Normal
    m_HighlightedTrigger: Highlighted
    m_PressedTrigger: Pressed
    m_DisabledTrigger: Disabled
  m_Interactable: 1
  m_TargetGraphic: {fileID: 946405381}
  m_OnClick:
    m_PersistentCalls:
      m_Calls:
      - m_Target: {fileID: 536432320}
        m_MethodName: ChangeToScene
        m_Mode: 5
        m_Arguments:
          m_ObjectArgument: {fileID: 0}
          m_ObjectArgumentAssemblyTypeName: UnityEngine.Object, UnityEngine, Version=0.0.0.0,
            Culture=neutral, PublicKeyToken=null
          m_IntArgument: 0
          m_FloatArgument: 0
          m_StringArgument: Mirko
          m_BoolArgument: 0
        m_CallState: 1
    m_TypeName: UnityEngine.UI.Button+ButtonClickedEvent, UnityEngine.UI, Version=1.0.0.0,
      Culture=neutral, PublicKeyToken=null
--- !u!114 &946405381
MonoBehaviour:
  m_ObjectHideFlags: 0
  m_PrefabParentObject: {fileID: 0}
  m_PrefabInternal: {fileID: 0}
  m_GameObject: {fileID: 946405379}
  m_Enabled: 1
  m_EditorHideFlags: 0
  m_Script: {fileID: -765806418, guid: f5f67c52d1564df4a8936ccd202a3bd8, type: 3}
  m_Name: 
  m_EditorClassIdentifier: 
  m_Material: {fileID: 0}
  m_Color: {r: 1, g: 1, b: 1, a: 1}
  m_Sprite: {fileID: 10905, guid: 0000000000000000f000000000000000, type: 0}
  m_Type: 1
  m_PreserveAspect: 0
  m_FillCenter: 1
  m_FillMethod: 4
  m_FillAmount: 1
  m_FillClockwise: 1
  m_FillOrigin: 0
--- !u!222 &946405382
CanvasRenderer:
  m_ObjectHideFlags: 0
  m_PrefabParentObject: {fileID: 0}
  m_PrefabInternal: {fileID: 0}
  m_GameObject: {fileID: 946405379}
--- !u!224 &946405383
RectTransform:
  m_ObjectHideFlags: 0
  m_PrefabParentObject: {fileID: 0}
  m_PrefabInternal: {fileID: 0}
  m_GameObject: {fileID: 946405379}
  m_LocalRotation: {x: 0, y: 0, z: 0, w: 1}
  m_LocalPosition: {x: 0, y: 0, z: 0}
  m_LocalScale: {x: 1, y: 1, z: 1}
  m_Children:
  - {fileID: 180079928}
  m_Father: {fileID: 1608711363}
  m_RootOrder: 1
  m_AnchorMin: {x: .5, y: .5}
  m_AnchorMax: {x: .5, y: .5}
  m_AnchoredPosition: {x: 0, y: 0}
  m_SizeDelta: {x: 160, y: 30}
  m_Pivot: {x: .5, y: .5}
--- !u!1 &1111051422
GameObject:
  m_ObjectHideFlags: 0
  m_PrefabParentObject: {fileID: 0}
  m_PrefabInternal: {fileID: 0}
  serializedVersion: 4
  m_Component:
  - 224: {fileID: 1111051423}
  - 222: {fileID: 1111051426}
  - 114: {fileID: 1111051425}
  - 114: {fileID: 1111051424}
  m_Layer: 5
  m_Name: Credits
  m_TagString: Untagged
  m_Icon: {fileID: 0}
  m_NavMeshLayer: 0
  m_StaticEditorFlags: 0
  m_IsActive: 1
--- !u!224 &1111051423
RectTransform:
  m_ObjectHideFlags: 0
  m_PrefabParentObject: {fileID: 0}
  m_PrefabInternal: {fileID: 0}
  m_GameObject: {fileID: 1111051422}
  m_LocalRotation: {x: 0, y: 0, z: 0, w: 1}
  m_LocalPosition: {x: 0, y: 0, z: 0}
  m_LocalScale: {x: 1, y: 1, z: 1}
  m_Children:
  - {fileID: 158465771}
  m_Father: {fileID: 1608711363}
  m_RootOrder: 0
  m_AnchorMin: {x: .5, y: .5}
  m_AnchorMax: {x: .5, y: .5}
  m_AnchoredPosition: {x: 0, y: -50}
  m_SizeDelta: {x: 160, y: 30}
  m_Pivot: {x: .5, y: .5}
--- !u!114 &1111051424
MonoBehaviour:
  m_ObjectHideFlags: 0
  m_PrefabParentObject: {fileID: 0}
  m_PrefabInternal: {fileID: 0}
  m_GameObject: {fileID: 1111051422}
  m_Enabled: 1
  m_EditorHideFlags: 0
  m_Script: {fileID: 1392445389, guid: f5f67c52d1564df4a8936ccd202a3bd8, type: 3}
  m_Name: 
  m_EditorClassIdentifier: 
  m_Navigation:
    m_Mode: 3
    m_SelectOnUp: {fileID: 0}
    m_SelectOnDown: {fileID: 0}
    m_SelectOnLeft: {fileID: 0}
    m_SelectOnRight: {fileID: 0}
  m_Transition: 1
  m_Colors:
    m_NormalColor: {r: 1, g: 1, b: 1, a: 1}
    m_HighlightedColor: {r: .960784316, g: .960784316, b: .960784316, a: 1}
    m_PressedColor: {r: .784313738, g: .784313738, b: .784313738, a: 1}
    m_DisabledColor: {r: .784313738, g: .784313738, b: .784313738, a: .501960814}
    m_ColorMultiplier: 1
    m_FadeDuration: .100000001
  m_SpriteState:
    m_HighlightedSprite: {fileID: 0}
    m_PressedSprite: {fileID: 0}
    m_DisabledSprite: {fileID: 0}
  m_AnimationTriggers:
    m_NormalTrigger: Normal
    m_HighlightedTrigger: Highlighted
    m_PressedTrigger: Pressed
    m_DisabledTrigger: Disabled
  m_Interactable: 1
  m_TargetGraphic: {fileID: 1111051425}
  m_OnClick:
    m_PersistentCalls:
      m_Calls:
      - m_Target: {fileID: 536432320}
        m_MethodName: ChangeToScene
        m_Mode: 5
        m_Arguments:
          m_ObjectArgument: {fileID: 0}
          m_ObjectArgumentAssemblyTypeName: UnityEngine.Object, UnityEngine, Version=0.0.0.0,
            Culture=neutral, PublicKeyToken=null
          m_IntArgument: 0
          m_FloatArgument: 0
          m_StringArgument: Credits
          m_BoolArgument: 0
        m_CallState: 1
    m_TypeName: UnityEngine.UI.Button+ButtonClickedEvent, UnityEngine.UI, Version=1.0.0.0,
      Culture=neutral, PublicKeyToken=null
--- !u!114 &1111051425
MonoBehaviour:
  m_ObjectHideFlags: 0
  m_PrefabParentObject: {fileID: 0}
  m_PrefabInternal: {fileID: 0}
  m_GameObject: {fileID: 1111051422}
  m_Enabled: 1
  m_EditorHideFlags: 0
  m_Script: {fileID: -765806418, guid: f5f67c52d1564df4a8936ccd202a3bd8, type: 3}
  m_Name: 
  m_EditorClassIdentifier: 
  m_Material: {fileID: 0}
  m_Color: {r: 1, g: 1, b: 1, a: 1}
  m_Sprite: {fileID: 10905, guid: 0000000000000000f000000000000000, type: 0}
  m_Type: 1
  m_PreserveAspect: 0
  m_FillCenter: 1
  m_FillMethod: 4
  m_FillAmount: 1
  m_FillClockwise: 1
  m_FillOrigin: 0
--- !u!222 &1111051426
CanvasRenderer:
  m_ObjectHideFlags: 0
  m_PrefabParentObject: {fileID: 0}
  m_PrefabInternal: {fileID: 0}
  m_GameObject: {fileID: 1111051422}
--- !u!1 &1242052101 stripped
GameObject:
  m_PrefabParentObject: {fileID: 175084, guid: 1bffe1292d960104ca8509e6435fea44, type: 2}
  m_PrefabInternal: {fileID: 693438190}
--- !u!114 &1242052102
MonoBehaviour:
  m_ObjectHideFlags: 0
  m_PrefabParentObject: {fileID: 0}
  m_PrefabInternal: {fileID: 0}
  m_GameObject: {fileID: 1242052101}
  m_Enabled: 1
  m_EditorHideFlags: 0
  m_Script: {fileID: 11500000, guid: ca405599ea7be384bae0c7ebbc5ede39, type: 3}
  m_Name: 
  m_EditorClassIdentifier: 
  startPosition: {x: -5.30000019, y: -100, z: 500}
  returningForce: 10
--- !u!1 &1247644711
GameObject:
  m_ObjectHideFlags: 0
  m_PrefabParentObject: {fileID: 0}
  m_PrefabInternal: {fileID: 0}
  serializedVersion: 4
  m_Component:
  - 224: {fileID: 1247644714}
  - 222: {fileID: 1247644713}
  - 114: {fileID: 1247644712}
  m_Layer: 5
  m_Name: Text
  m_TagString: Untagged
  m_Icon: {fileID: 0}
  m_NavMeshLayer: 0
  m_StaticEditorFlags: 0
  m_IsActive: 1
--- !u!114 &1247644712
MonoBehaviour:
  m_ObjectHideFlags: 0
  m_PrefabParentObject: {fileID: 0}
  m_PrefabInternal: {fileID: 0}
  m_GameObject: {fileID: 1247644711}
  m_Enabled: 1
  m_EditorHideFlags: 0
  m_Script: {fileID: 708705254, guid: f5f67c52d1564df4a8936ccd202a3bd8, type: 3}
  m_Name: 
  m_EditorClassIdentifier: 
  m_Material: {fileID: 0}
  m_Color: {r: .196078435, g: .196078435, b: .196078435, a: 1}
  m_FontData:
    m_Font: {fileID: 10102, guid: 0000000000000000e000000000000000, type: 0}
    m_FontSize: 14
    m_FontStyle: 0
    m_BestFit: 0
    m_MinSize: 10
    m_MaxSize: 40
    m_Alignment: 4
    m_RichText: 1
    m_HorizontalOverflow: 0
    m_VerticalOverflow: 0
    m_LineSpacing: 1
  m_Text: Exit
--- !u!222 &1247644713
CanvasRenderer:
  m_ObjectHideFlags: 0
  m_PrefabParentObject: {fileID: 0}
  m_PrefabInternal: {fileID: 0}
  m_GameObject: {fileID: 1247644711}
--- !u!224 &1247644714
RectTransform:
  m_ObjectHideFlags: 0
  m_PrefabParentObject: {fileID: 0}
  m_PrefabInternal: {fileID: 0}
  m_GameObject: {fileID: 1247644711}
  m_LocalRotation: {x: 0, y: 0, z: 0, w: 1}
  m_LocalPosition: {x: 0, y: 0, z: 0}
  m_LocalScale: {x: 1, y: 1, z: 1}
  m_Children: []
  m_Father: {fileID: 1345138162}
  m_RootOrder: 0
  m_AnchorMin: {x: 0, y: 0}
  m_AnchorMax: {x: 1, y: 1}
  m_AnchoredPosition: {x: 0, y: 0}
  m_SizeDelta: {x: 0, y: 0}
  m_Pivot: {x: .5, y: .5}
--- !u!1 &1257245622 stripped
GameObject:
  m_PrefabParentObject: {fileID: 175084, guid: 1bffe1292d960104ca8509e6435fea44, type: 2}
  m_PrefabInternal: {fileID: 1534407563}
--- !u!114 &1257245623
MonoBehaviour:
  m_ObjectHideFlags: 0
  m_PrefabParentObject: {fileID: 0}
  m_PrefabInternal: {fileID: 0}
  m_GameObject: {fileID: 1257245622}
  m_Enabled: 1
  m_EditorHideFlags: 0
  m_Script: {fileID: 11500000, guid: ca405599ea7be384bae0c7ebbc5ede39, type: 3}
  m_Name: 
  m_EditorClassIdentifier: 
  startPosition: {x: -5.30000019, y: -165.199997, z: 500}
  returningForce: 10
--- !u!1 &1345138161
GameObject:
  m_ObjectHideFlags: 0
  m_PrefabParentObject: {fileID: 0}
  m_PrefabInternal: {fileID: 0}
  serializedVersion: 4
  m_Component:
  - 224: {fileID: 1345138162}
  - 222: {fileID: 1345138165}
  - 114: {fileID: 1345138164}
  - 114: {fileID: 1345138163}
  m_Layer: 5
  m_Name: CloseGame
  m_TagString: Untagged
  m_Icon: {fileID: 0}
  m_NavMeshLayer: 0
  m_StaticEditorFlags: 0
  m_IsActive: 1
--- !u!224 &1345138162
RectTransform:
  m_ObjectHideFlags: 0
  m_PrefabParentObject: {fileID: 0}
  m_PrefabInternal: {fileID: 0}
  m_GameObject: {fileID: 1345138161}
  m_LocalRotation: {x: 0, y: 0, z: 0, w: 1}
  m_LocalPosition: {x: 0, y: 0, z: 0}
  m_LocalScale: {x: 1, y: 1, z: 1}
  m_Children:
  - {fileID: 1247644714}
  m_Father: {fileID: 1608711363}
  m_RootOrder: 2
  m_AnchorMin: {x: .5, y: .5}
  m_AnchorMax: {x: .5, y: .5}
  m_AnchoredPosition: {x: 0, y: -90.3000031}
  m_SizeDelta: {x: 160, y: 30}
  m_Pivot: {x: .5, y: .5}
--- !u!114 &1345138163
MonoBehaviour:
  m_ObjectHideFlags: 0
  m_PrefabParentObject: {fileID: 0}
  m_PrefabInternal: {fileID: 0}
  m_GameObject: {fileID: 1345138161}
  m_Enabled: 1
  m_EditorHideFlags: 0
  m_Script: {fileID: 1392445389, guid: f5f67c52d1564df4a8936ccd202a3bd8, type: 3}
  m_Name: 
  m_EditorClassIdentifier: 
  m_Navigation:
    m_Mode: 3
    m_SelectOnUp: {fileID: 0}
    m_SelectOnDown: {fileID: 0}
    m_SelectOnLeft: {fileID: 0}
    m_SelectOnRight: {fileID: 0}
  m_Transition: 1
  m_Colors:
    m_NormalColor: {r: 1, g: 1, b: 1, a: 1}
    m_HighlightedColor: {r: .960784316, g: .960784316, b: .960784316, a: 1}
    m_PressedColor: {r: .784313738, g: .784313738, b: .784313738, a: 1}
    m_DisabledColor: {r: .784313738, g: .784313738, b: .784313738, a: .501960814}
    m_ColorMultiplier: 1
    m_FadeDuration: .100000001
  m_SpriteState:
    m_HighlightedSprite: {fileID: 0}
    m_PressedSprite: {fileID: 0}
    m_DisabledSprite: {fileID: 0}
  m_AnimationTriggers:
    m_NormalTrigger: Normal
    m_HighlightedTrigger: Highlighted
    m_PressedTrigger: Pressed
    m_DisabledTrigger: Disabled
  m_Interactable: 1
  m_TargetGraphic: {fileID: 1345138164}
  m_OnClick:
    m_PersistentCalls:
      m_Calls:
      - m_Target: {fileID: 1936148161}
        m_MethodName: ExitGame
        m_Mode: 1
        m_Arguments:
          m_ObjectArgument: {fileID: 0}
          m_ObjectArgumentAssemblyTypeName: UnityEngine.Object, UnityEngine, Version=0.0.0.0,
            Culture=neutral, PublicKeyToken=null
          m_IntArgument: 0
          m_FloatArgument: 0
          m_StringArgument: Application.Quit()
          m_BoolArgument: 0
        m_CallState: 1
    m_TypeName: UnityEngine.UI.Button+ButtonClickedEvent, UnityEngine.UI, Version=1.0.0.0,
      Culture=neutral, PublicKeyToken=null
--- !u!114 &1345138164
MonoBehaviour:
  m_ObjectHideFlags: 0
  m_PrefabParentObject: {fileID: 0}
  m_PrefabInternal: {fileID: 0}
  m_GameObject: {fileID: 1345138161}
  m_Enabled: 1
  m_EditorHideFlags: 0
  m_Script: {fileID: -765806418, guid: f5f67c52d1564df4a8936ccd202a3bd8, type: 3}
  m_Name: 
  m_EditorClassIdentifier: 
  m_Material: {fileID: 0}
  m_Color: {r: 1, g: 1, b: 1, a: 1}
  m_Sprite: {fileID: 10905, guid: 0000000000000000f000000000000000, type: 0}
  m_Type: 1
  m_PreserveAspect: 0
  m_FillCenter: 1
  m_FillMethod: 4
  m_FillAmount: 1
  m_FillClockwise: 1
  m_FillOrigin: 0
--- !u!222 &1345138165
CanvasRenderer:
  m_ObjectHideFlags: 0
  m_PrefabParentObject: {fileID: 0}
  m_PrefabInternal: {fileID: 0}
  m_GameObject: {fileID: 1345138161}
--- !u!1001 &1478413616
Prefab:
  m_ObjectHideFlags: 0
  serializedVersion: 2
  m_Modification:
    m_TransformParent: {fileID: 0}
    m_Modifications:
    - target: {fileID: 492822, guid: 1bffe1292d960104ca8509e6435fea44, type: 2}
      propertyPath: m_LocalPosition.x
      value: -88.1999969
      objectReference: {fileID: 0}
    - target: {fileID: 492822, guid: 1bffe1292d960104ca8509e6435fea44, type: 2}
      propertyPath: m_LocalPosition.y
      value: -161.5
      objectReference: {fileID: 0}
    - target: {fileID: 492822, guid: 1bffe1292d960104ca8509e6435fea44, type: 2}
      propertyPath: m_LocalPosition.z
      value: 519.5
      objectReference: {fileID: 0}
    - target: {fileID: 492822, guid: 1bffe1292d960104ca8509e6435fea44, type: 2}
      propertyPath: m_LocalRotation.x
      value: 0
      objectReference: {fileID: 0}
    - target: {fileID: 492822, guid: 1bffe1292d960104ca8509e6435fea44, type: 2}
      propertyPath: m_LocalRotation.y
      value: 0
      objectReference: {fileID: 0}
    - target: {fileID: 492822, guid: 1bffe1292d960104ca8509e6435fea44, type: 2}
      propertyPath: m_LocalRotation.z
      value: 0
      objectReference: {fileID: 0}
    - target: {fileID: 492822, guid: 1bffe1292d960104ca8509e6435fea44, type: 2}
      propertyPath: m_LocalRotation.w
      value: 1
      objectReference: {fileID: 0}
    - target: {fileID: 492822, guid: 1bffe1292d960104ca8509e6435fea44, type: 2}
      propertyPath: m_RootOrder
      value: 0
      objectReference: {fileID: 0}
    - target: {fileID: 492822, guid: 1bffe1292d960104ca8509e6435fea44, type: 2}
      propertyPath: m_LocalScale.x
      value: 5
      objectReference: {fileID: 0}
    - target: {fileID: 492822, guid: 1bffe1292d960104ca8509e6435fea44, type: 2}
      propertyPath: m_LocalScale.y
      value: 5
      objectReference: {fileID: 0}
    - target: {fileID: 492822, guid: 1bffe1292d960104ca8509e6435fea44, type: 2}
      propertyPath: m_LocalScale.z
      value: 5
      objectReference: {fileID: 0}
    - target: {fileID: 175084, guid: 1bffe1292d960104ca8509e6435fea44, type: 2}
      propertyPath: m_Name
      value: DirectionalForceCube 8
      objectReference: {fileID: 0}
    m_RemovedComponents: []
  m_ParentPrefab: {fileID: 100100000, guid: 1bffe1292d960104ca8509e6435fea44, type: 2}
  m_IsPrefabParent: 0
--- !u!1001 &1534407563
Prefab:
  m_ObjectHideFlags: 0
  serializedVersion: 2
  m_Modification:
    m_TransformParent: {fileID: 0}
    m_Modifications:
    - target: {fileID: 492822, guid: 1bffe1292d960104ca8509e6435fea44, type: 2}
      propertyPath: m_LocalPosition.x
      value: -1
      objectReference: {fileID: 0}
    - target: {fileID: 492822, guid: 1bffe1292d960104ca8509e6435fea44, type: 2}
      propertyPath: m_LocalPosition.y
      value: -129
      objectReference: {fileID: 0}
    - target: {fileID: 492822, guid: 1bffe1292d960104ca8509e6435fea44, type: 2}
      propertyPath: m_LocalPosition.z
      value: 421.200012
      objectReference: {fileID: 0}
    - target: {fileID: 492822, guid: 1bffe1292d960104ca8509e6435fea44, type: 2}
      propertyPath: m_LocalRotation.x
      value: 0
      objectReference: {fileID: 0}
    - target: {fileID: 492822, guid: 1bffe1292d960104ca8509e6435fea44, type: 2}
      propertyPath: m_LocalRotation.y
      value: 0
      objectReference: {fileID: 0}
    - target: {fileID: 492822, guid: 1bffe1292d960104ca8509e6435fea44, type: 2}
      propertyPath: m_LocalRotation.z
      value: 0
      objectReference: {fileID: 0}
    - target: {fileID: 492822, guid: 1bffe1292d960104ca8509e6435fea44, type: 2}
      propertyPath: m_LocalRotation.w
      value: 1
      objectReference: {fileID: 0}
    - target: {fileID: 492822, guid: 1bffe1292d960104ca8509e6435fea44, type: 2}
      propertyPath: m_RootOrder
      value: 0
      objectReference: {fileID: 0}
    - target: {fileID: 492822, guid: 1bffe1292d960104ca8509e6435fea44, type: 2}
      propertyPath: m_LocalScale.x
      value: 5
      objectReference: {fileID: 0}
    - target: {fileID: 492822, guid: 1bffe1292d960104ca8509e6435fea44, type: 2}
      propertyPath: m_LocalScale.y
      value: 5
      objectReference: {fileID: 0}
    - target: {fileID: 492822, guid: 1bffe1292d960104ca8509e6435fea44, type: 2}
      propertyPath: m_LocalScale.z
      value: 5
      objectReference: {fileID: 0}
    - target: {fileID: 175084, guid: 1bffe1292d960104ca8509e6435fea44, type: 2}
      propertyPath: m_Name
      value: DirectionalForceCube 5
      objectReference: {fileID: 0}
    m_RemovedComponents: []
  m_ParentPrefab: {fileID: 100100000, guid: 1bffe1292d960104ca8509e6435fea44, type: 2}
  m_IsPrefabParent: 0
--- !u!1 &1608711362
GameObject:
  m_ObjectHideFlags: 0
  m_PrefabParentObject: {fileID: 0}
  m_PrefabInternal: {fileID: 0}
  serializedVersion: 4
  m_Component:
  - 224: {fileID: 1608711363}
  - 223: {fileID: 1608711366}
  - 114: {fileID: 1608711365}
  - 114: {fileID: 1608711364}
  m_Layer: 5
  m_Name: Canvas
  m_TagString: Untagged
  m_Icon: {fileID: 0}
  m_NavMeshLayer: 0
  m_StaticEditorFlags: 0
  m_IsActive: 1
--- !u!224 &1608711363
RectTransform:
  m_ObjectHideFlags: 0
  m_PrefabParentObject: {fileID: 0}
  m_PrefabInternal: {fileID: 0}
  m_GameObject: {fileID: 1608711362}
  m_LocalRotation: {x: 0, y: 0, z: 0, w: 1}
  m_LocalPosition: {x: 0, y: 0, z: 0}
  m_LocalScale: {x: 0, y: 0, z: 0}
  m_Children:
  - {fileID: 1111051423}
  - {fileID: 946405383}
  - {fileID: 1345138162}
  m_Father: {fileID: 0}
  m_RootOrder: 15
  m_AnchorMin: {x: 0, y: 0}
  m_AnchorMax: {x: 0, y: 0}
  m_AnchoredPosition: {x: 0, y: 0}
  m_SizeDelta: {x: 0, y: 0}
  m_Pivot: {x: 0, y: 0}
--- !u!114 &1608711364
MonoBehaviour:
  m_ObjectHideFlags: 0
  m_PrefabParentObject: {fileID: 0}
  m_PrefabInternal: {fileID: 0}
  m_GameObject: {fileID: 1608711362}
  m_Enabled: 1
  m_EditorHideFlags: 0
  m_Script: {fileID: 1301386320, guid: f5f67c52d1564df4a8936ccd202a3bd8, type: 3}
  m_Name: 
  m_EditorClassIdentifier: 
  m_IgnoreReversedGraphics: 1
  m_BlockingObjects: 0
  m_BlockingMask:
    serializedVersion: 2
    m_Bits: 4294967295
--- !u!114 &1608711365
MonoBehaviour:
  m_ObjectHideFlags: 0
  m_PrefabParentObject: {fileID: 0}
  m_PrefabInternal: {fileID: 0}
  m_GameObject: {fileID: 1608711362}
  m_Enabled: 1
  m_EditorHideFlags: 0
  m_Script: {fileID: 1980459831, guid: f5f67c52d1564df4a8936ccd202a3bd8, type: 3}
  m_Name: 
  m_EditorClassIdentifier: 
  m_UiScaleMode: 0
  m_ReferencePixelsPerUnit: 100
  m_ScaleFactor: 1
  m_ReferenceResolution: {x: 800, y: 600}
  m_ScreenMatchMode: 0
  m_MatchWidthOrHeight: 0
  m_PhysicalUnit: 3
  m_FallbackScreenDPI: 96
  m_DefaultSpriteDPI: 96
  m_DynamicPixelsPerUnit: 1
--- !u!223 &1608711366
Canvas:
  m_ObjectHideFlags: 0
  m_PrefabParentObject: {fileID: 0}
  m_PrefabInternal: {fileID: 0}
  m_GameObject: {fileID: 1608711362}
  m_Enabled: 1
  serializedVersion: 2
  m_RenderMode: 1
  m_Camera: {fileID: 0}
  m_PlaneDistance: 100
  m_PixelPerfect: 0
  m_ReceivesEvents: 1
  m_OverrideSorting: 0
  m_OverridePixelPerfect: 0
  m_SortingLayerID: 0
  m_SortingOrder: 0
--- !u!1001 &1618416729
Prefab:
  m_ObjectHideFlags: 0
  serializedVersion: 2
  m_Modification:
    m_TransformParent: {fileID: 0}
    m_Modifications:
    - target: {fileID: 400000, guid: ad0cfd0d13eb36c4290d0f21d7fd12a2, type: 3}
      propertyPath: m_LocalPosition.x
      value: -3
      objectReference: {fileID: 0}
    - target: {fileID: 400000, guid: ad0cfd0d13eb36c4290d0f21d7fd12a2, type: 3}
      propertyPath: m_LocalPosition.y
      value: -110.300003
      objectReference: {fileID: 0}
    - target: {fileID: 400000, guid: ad0cfd0d13eb36c4290d0f21d7fd12a2, type: 3}
      propertyPath: m_LocalPosition.z
      value: 435
      objectReference: {fileID: 0}
    - target: {fileID: 400000, guid: ad0cfd0d13eb36c4290d0f21d7fd12a2, type: 3}
      propertyPath: m_LocalRotation.x
      value: .707106829
      objectReference: {fileID: 0}
    - target: {fileID: 400000, guid: ad0cfd0d13eb36c4290d0f21d7fd12a2, type: 3}
      propertyPath: m_LocalRotation.y
      value: 0
      objectReference: {fileID: 0}
    - target: {fileID: 400000, guid: ad0cfd0d13eb36c4290d0f21d7fd12a2, type: 3}
      propertyPath: m_LocalRotation.z
      value: 0
      objectReference: {fileID: 0}
    - target: {fileID: 400000, guid: ad0cfd0d13eb36c4290d0f21d7fd12a2, type: 3}
      propertyPath: m_LocalRotation.w
      value: .707106709
      objectReference: {fileID: 0}
    - target: {fileID: 400000, guid: ad0cfd0d13eb36c4290d0f21d7fd12a2, type: 3}
      propertyPath: m_RootOrder
      value: 0
      objectReference: {fileID: 0}
    - target: {fileID: 400000, guid: ad0cfd0d13eb36c4290d0f21d7fd12a2, type: 3}
      propertyPath: m_LocalScale.x
      value: 50
      objectReference: {fileID: 0}
    - target: {fileID: 400000, guid: ad0cfd0d13eb36c4290d0f21d7fd12a2, type: 3}
      propertyPath: m_LocalScale.y
      value: 50
      objectReference: {fileID: 0}
    - target: {fileID: 400000, guid: ad0cfd0d13eb36c4290d0f21d7fd12a2, type: 3}
      propertyPath: m_LocalScale.z
      value: 50
      objectReference: {fileID: 0}
    - target: {fileID: 2300000, guid: ad0cfd0d13eb36c4290d0f21d7fd12a2, type: 3}
      propertyPath: m_Materials.Array.data[0]
      value: 
      objectReference: {fileID: 2100000, guid: 2817862f7e42e7a43a94a8d14eab4fbd, type: 2}
    m_RemovedComponents: []
  m_ParentPrefab: {fileID: 100100000, guid: ad0cfd0d13eb36c4290d0f21d7fd12a2, type: 3}
  m_IsPrefabParent: 0
--- !u!1 &1861715952
GameObject:
  m_ObjectHideFlags: 0
  m_PrefabParentObject: {fileID: 0}
  m_PrefabInternal: {fileID: 0}
  serializedVersion: 4
  m_Component:
  - 4: {fileID: 1861715954}
  - 108: {fileID: 1861715953}
  m_Layer: 0
  m_Name: Directional Light
  m_TagString: Untagged
  m_Icon: {fileID: 0}
  m_NavMeshLayer: 0
  m_StaticEditorFlags: 0
  m_IsActive: 1
--- !u!108 &1861715953
Light:
  m_ObjectHideFlags: 0
  m_PrefabParentObject: {fileID: 0}
  m_PrefabInternal: {fileID: 0}
  m_GameObject: {fileID: 1861715952}
  m_Enabled: 1
  serializedVersion: 6
  m_Type: 1
  m_Color: {r: 1, g: .956862748, b: .839215696, a: 1}
  m_Intensity: 1
  m_Range: 10
  m_SpotAngle: 30
  m_CookieSize: 10
  m_Shadows:
    m_Type: 2
    m_Resolution: -1
    m_Strength: 1
    m_Bias: .0500000007
    m_NormalBias: .400000006
  m_Cookie: {fileID: 0}
  m_DrawHalo: 0
  m_Flare: {fileID: 0}
  m_RenderMode: 0
  m_CullingMask:
    serializedVersion: 2
    m_Bits: 4294967295
  m_Lightmapping: 4
  m_BounceIntensity: 1
  m_ShadowRadius: 0
  m_ShadowAngle: 0
  m_AreaSize: {x: 1, y: 1}
--- !u!4 &1861715954
Transform:
  m_ObjectHideFlags: 0
  m_PrefabParentObject: {fileID: 0}
  m_PrefabInternal: {fileID: 0}
  m_GameObject: {fileID: 1861715952}
  m_LocalRotation: {x: .408217937, y: -.234569728, z: .109381676, w: .875426054}
  m_LocalPosition: {x: 0, y: 3, z: 0}
  m_LocalScale: {x: 1, y: 1, z: 1}
  m_Children: []
  m_Father: {fileID: 0}
  m_RootOrder: 14
--- !u!1 &1936148160
GameObject:
  m_ObjectHideFlags: 0
  m_PrefabParentObject: {fileID: 0}
  m_PrefabInternal: {fileID: 0}
  serializedVersion: 4
  m_Component:
  - 4: {fileID: 1936148162}
  - 114: {fileID: 1936148161}
  m_Layer: 0
  m_Name: CloseGame
  m_TagString: Untagged
  m_Icon: {fileID: 0}
  m_NavMeshLayer: 0
  m_StaticEditorFlags: 0
  m_IsActive: 1
--- !u!114 &1936148161
MonoBehaviour:
  m_ObjectHideFlags: 0
  m_PrefabParentObject: {fileID: 0}
  m_PrefabInternal: {fileID: 0}
  m_GameObject: {fileID: 1936148160}
  m_Enabled: 1
  m_EditorHideFlags: 0
  m_Script: {fileID: 11500000, guid: 8b31d9ef509e41a46a4602ffef50f464, type: 3}
  m_Name: 
  m_EditorClassIdentifier: 
--- !u!4 &1936148162
Transform:
  m_ObjectHideFlags: 0
  m_PrefabParentObject: {fileID: 0}
  m_PrefabInternal: {fileID: 0}
  m_GameObject: {fileID: 1936148160}
  m_LocalRotation: {x: 0, y: 0, z: 0, w: 1}
  m_LocalPosition: {x: -25.2206459, y: -11.8757267, z: -42.1706085}
  m_LocalScale: {x: 1, y: 1, z: 1}
  m_Children: []
  m_Father: {fileID: 0}
  m_RootOrder: 17
--- !u!1 &1993631178 stripped
GameObject:
  m_PrefabParentObject: {fileID: 175084, guid: 1bffe1292d960104ca8509e6435fea44, type: 2}
  m_PrefabInternal: {fileID: 156465145}
--- !u!114 &1993631179
MonoBehaviour:
  m_ObjectHideFlags: 0
  m_PrefabParentObject: {fileID: 0}
  m_PrefabInternal: {fileID: 0}
  m_GameObject: {fileID: 1993631178}
  m_Enabled: 1
  m_EditorHideFlags: 0
  m_Script: {fileID: 11500000, guid: ca405599ea7be384bae0c7ebbc5ede39, type: 3}
  m_Name: 
  m_EditorClassIdentifier: 
  startPosition: {x: 2, y: -165.199997, z: 500}
  returningForce: 10
--- !u!1 &2006856999 stripped
GameObject:
  m_PrefabParentObject: {fileID: 175084, guid: 1bffe1292d960104ca8509e6435fea44, type: 2}
  m_PrefabInternal: {fileID: 1478413616}
--- !u!114 &2006857000
MonoBehaviour:
  m_ObjectHideFlags: 0
  m_PrefabParentObject: {fileID: 0}
  m_PrefabInternal: {fileID: 0}
  m_GameObject: {fileID: 2006856999}
  m_Enabled: 1
  m_EditorHideFlags: 0
  m_Script: {fileID: 11500000, guid: ca405599ea7be384bae0c7ebbc5ede39, type: 3}
  m_Name: 
  m_EditorClassIdentifier: 
  startPosition: {x: -5.30000019, y: -100, z: 500}
  returningForce: 10
--- !u!1 &2081139428 stripped
GameObject:
  m_PrefabParentObject: {fileID: 175084, guid: 1bffe1292d960104ca8509e6435fea44, type: 2}
  m_PrefabInternal: {fileID: 180303745}
--- !u!114 &2081139429
MonoBehaviour:
  m_ObjectHideFlags: 0
  m_PrefabParentObject: {fileID: 0}
  m_PrefabInternal: {fileID: 0}
  m_GameObject: {fileID: 2081139428}
  m_Enabled: 1
  m_EditorHideFlags: 0
  m_Script: {fileID: 11500000, guid: ca405599ea7be384bae0c7ebbc5ede39, type: 3}
  m_Name: 
  m_EditorClassIdentifier: 
  startPosition: {x: -5.30000019, y: -165.199997, z: 500}
  returningForce: 10
--- !u!1001 &2093585013
Prefab:
  m_ObjectHideFlags: 0
  serializedVersion: 2
  m_Modification:
    m_TransformParent: {fileID: 0}
    m_Modifications:
    - target: {fileID: 492822, guid: 1bffe1292d960104ca8509e6435fea44, type: 2}
      propertyPath: m_LocalPosition.x
      value: 31.3999996
      objectReference: {fileID: 0}
    - target: {fileID: 492822, guid: 1bffe1292d960104ca8509e6435fea44, type: 2}
      propertyPath: m_LocalPosition.y
      value: -161.5
      objectReference: {fileID: 0}
    - target: {fileID: 492822, guid: 1bffe1292d960104ca8509e6435fea44, type: 2}
      propertyPath: m_LocalPosition.z
      value: 519.5
      objectReference: {fileID: 0}
    - target: {fileID: 492822, guid: 1bffe1292d960104ca8509e6435fea44, type: 2}
      propertyPath: m_LocalRotation.x
      value: 0
      objectReference: {fileID: 0}
    - target: {fileID: 492822, guid: 1bffe1292d960104ca8509e6435fea44, type: 2}
      propertyPath: m_LocalRotation.y
      value: 0
      objectReference: {fileID: 0}
    - target: {fileID: 492822, guid: 1bffe1292d960104ca8509e6435fea44, type: 2}
      propertyPath: m_LocalRotation.z
      value: 0
      objectReference: {fileID: 0}
    - target: {fileID: 492822, guid: 1bffe1292d960104ca8509e6435fea44, type: 2}
      propertyPath: m_LocalRotation.w
      value: 1
      objectReference: {fileID: 0}
    - target: {fileID: 492822, guid: 1bffe1292d960104ca8509e6435fea44, type: 2}
      propertyPath: m_RootOrder
      value: 0
      objectReference: {fileID: 0}
    - target: {fileID: 492822, guid: 1bffe1292d960104ca8509e6435fea44, type: 2}
      propertyPath: m_LocalScale.x
      value: 5
      objectReference: {fileID: 0}
    - target: {fileID: 492822, guid: 1bffe1292d960104ca8509e6435fea44, type: 2}
      propertyPath: m_LocalScale.y
      value: 5
      objectReference: {fileID: 0}
    - target: {fileID: 492822, guid: 1bffe1292d960104ca8509e6435fea44, type: 2}
      propertyPath: m_LocalScale.z
      value: 5
      objectReference: {fileID: 0}
    - target: {fileID: 175084, guid: 1bffe1292d960104ca8509e6435fea44, type: 2}
      propertyPath: m_Name
      value: DirectionalForceCube 1
      objectReference: {fileID: 0}
    m_RemovedComponents: []
  m_ParentPrefab: {fileID: 100100000, guid: 1bffe1292d960104ca8509e6435fea44, type: 2}
  m_IsPrefabParent: 0
--- !u!1 &2137145866 stripped
GameObject:
  m_PrefabParentObject: {fileID: 175084, guid: 1bffe1292d960104ca8509e6435fea44, type: 2}
  m_PrefabInternal: {fileID: 726776398}
--- !u!114 &2137145868
MonoBehaviour:
  m_ObjectHideFlags: 0
  m_PrefabParentObject: {fileID: 0}
  m_PrefabInternal: {fileID: 0}
  m_GameObject: {fileID: 2137145866}
  m_Enabled: 1
  m_EditorHideFlags: 0
  m_Script: {fileID: 11500000, guid: ca405599ea7be384bae0c7ebbc5ede39, type: 3}
  m_Name: 
  m_EditorClassIdentifier: 
  startPosition: {x: -5.30000019, y: -165.199997, z: 500}
  returningForce: 10
